{"symbol":"XBTUSD","min_size":10000,"side":"Buy","limit":100,"returned":40,"trades":[{"trade_time":"2026-05-13T19:15:03.904000Z","symbol":"XBTUSD","trade_id":"00000000-006d-1000-0000-00309a12145e","price":79483.4,"size":32800,"side":"Buy"},{"trade_time":"2026-05-13T19:14:04.172000Z","symbol":"XBTUSD","trade_id":"00000000-006d-1000-0000-00309a0f48b4","price":79460.0,"size":10000,"side":"Buy"},{"trade_time":"2026-05-13T19:14:04.165000Z","symbol":"XBTUSD","trade_id":"00000000-006d-1000-0000-00309a0f46e6","price":79460.0,"size":34800,"side":"Buy"},{"trade_time":"2026-05-13T19:13:21.083000Z","symbol":"XBTUSD","trade_id":"00000000-006d-1000-0000-00309a0ddb92","price":79438.6,"size":72400,"side":"Buy"},{"trade_time":"2026-05-13T19:13:21.083000Z","symbol":"XBTUSD","trade_id":"00000000-006d-1000-0000-00309a0ddb94","price":79438.6,"size":42200,"side":"Buy"},{"trade_time":"2026-05-13T19:12:31.263000Z","symbol":"XBTUSD","trade_id":"00000000-006d-1000-0000-00309a0c700a","price":79429.0,"size":27300,"side":"Buy"},{"trade_time":"2026-05-13T19:12:31.259000Z","symbol":"XBTUSD","trade_id":"00000000-006d-1000-0000-00309a0c6f80","price":79429.0,"size":12500,"side":"Buy"},{"trade_time":"2026-05-13T19:12:31.254000Z","symbol":"XBTUSD","trade_id":"00000000-006d-1000-0000-00309a0c6eaa","price":79429.0,"size":25500,"side":"Buy"},{"trade_time":"2026-05-13T19:11:31.752000Z","symbol":"XBTUSD","trade_id":"00000000-006d-1000-0000-00309a09dc28","price":79434.4,"size":53100,"side":"Buy"},{"trade_time":"2026-05-13T19:10:01.080000Z","symbol":"XBTUSD","trade_id":"00000000-006d-1000-0000-00309a04e0e1","price":79438.0,"size":31900,"side":"Buy"},{"trade_time":"2026-05-13T19:10:01.080000Z","symbol":"XBTUSD","trade_id":"00000000-006d-1000-0000-00309a04e0e2","price":79438.0,"size":25700,"side":"Buy"},{"trade_time":"2026-05-13T19:08:22.073000Z","symbol":"XBTUSD","trade_id":"00000000-006d-1000-0000-003099ffd5aa","price":79413.1,"size":10000,"side":"Buy"},{"trade_time":"2026-05-13T19:08:22.068000Z","symbol":"XBTUSD","trade_id":"00000000-006d-1000-0000-003099ffd47a","price":79413.1,"size":53800,"side":"Buy"},{"trade_time":"2026-05-13T19:08:22.068000Z","symbol":"XBTUSD","trade_id":"00000000-006d-1000-0000-003099ffd47b","price":79413.1,"size":27100,"side":"Buy"},{"trade_time":"2026-05-13T19:07:48.522000Z","symbol":"XBTUSD","trade_id":"00000000-006d-1000-0000-003099fe949e","price":79400.1,"size":34600,"side":"Buy"},{"trade_time":"2026-05-13T19:06:34.039000Z","symbol":"XBTUSD","trade_id":"00000000-006d-1000-0000-003099fa4dcf","price":79434.4,"size":10000,"side":"Buy"},{"trade_time":"2026-05-13T19:06:34.038000Z","symbol":"XBTUSD","trade_id":"00000000-006d-1000-0000-003099fa4da9","price":79434.4,"size":28900,"side":"Buy"},{"trade_time":"2026-05-13T19:05:08.718000Z","symbol":"XBTUSD","trade_id":"00000000-006d-1000-0000-003099f53ea4","price":79454.4,"size":22600,"side":"Buy"},{"trade_time":"2026-05-13T19:05:08.718000Z","symbol":"XBTUSD","trade_id":"00000000-006d-1000-0000-003099f53eb3","price":79454.4,"size":26900,"side":"Buy"},{"trade_time":"2026-05-13T19:05:08.717000Z","symbol":"XBTUSD","trade_id":"00000000-006d-1000-0000-003099f53e27","price":79454.4,"size":16500,"side":"Buy"},{"trade_time":"2026-05-13T19:04:04.349000Z","symbol":"XBTUSD","trade_id":"00000000-006d-1000-0000-003099f1d7a0","price":79453.0,"size":25900,"side":"Buy"},{"trade_time":"2026-05-13T19:02:46.705000Z","symbol":"XBTUSD","trade_id":"00000000-006d-1000-0000-003099ed0208","price":79476.1,"size":12600,"side":"Buy"},{"trade_time":"2026-05-13T19:02:46.701000Z","symbol":"XBTUSD","trade_id":"00000000-006d-1000-0000-003099ed0146","price":79476.1,"size":27100,"side":"Buy"},{"trade_time":"2026-05-13T19:02:26.156000Z","symbol":"XBTUSD","trade_id":"00000000-006d-1000-0000-003099eb919c","price":79481.2,"size":19500,"side":"Buy"},{"trade_time":"2026-05-13T19:02:26.156000Z","symbol":"XBTUSD","trade_id":"00000000-006d-1000-0000-003099eb91b7","price":79481.2,"size":26700,"side":"Buy"},{"trade_time":"2026-05-13T18:59:57.181000Z","symbol":"XBTUSD","trade_id":"00000000-006d-1000-0000-003099e36f55","price":79522.5,"size":27800,"side":"Buy"},{"trade_time":"2026-05-13T18:58:47.815000Z","symbol":"XBTUSD","trade_id":"00000000-006d-1000-0000-003099df2e8a","price":79556.2,"size":15100,"side":"Buy"},{"trade_time":"2026-05-13T18:57:31.422000Z","symbol":"XBTUSD","trade_id":"00000000-006d-1000-0000-003099dc3da4","price":79593.4,"size":25100,"side":"Buy"},{"trade_time":"2026-05-13T18:56:18.922000Z","symbol":"XBTUSD","trade_id":"00000000-006d-1000-0000-003099d93640","price":79596.5,"size":12100,"side":"Buy"},{"trade_time":"2026-05-13T18:56:09.219000Z","symbol":"XBTUSD","trade_id":"00000000-006d-1000-0000-003099d8928f","price":79600.0,"size":15200,"side":"Buy"},{"trade_time":"2026-05-13T18:56:02.558000Z","symbol":"XBTUSD","trade_id":"00000000-006d-1000-0000-003099d8467c","price":79600.0,"size":28100,"side":"Buy"},{"trade_time":"2026-05-13T18:55:38.239000Z","symbol":"XBTUSD","trade_id":"00000000-006d-1000-0000-003099d6c47d","price":79566.0,"size":26300,"side":"Buy"},{"trade_time":"2026-05-13T18:54:08.132000Z","symbol":"XBTUSD","trade_id":"00000000-006d-1000-0000-003099d1ea28","price":79553.2,"size":11900,"side":"Buy"},{"trade_time":"2026-05-13T18:53:15.987000Z","symbol":"XBTUSD","trade_id":"00000000-006d-1000-0000-003099cecef5","price":79510.0,"size":14400,"side":"Buy"},{"trade_time":"2026-05-13T18:49:54.731000Z","symbol":"XBTUSD","trade_id":"00000000-006d-1000-0000-003099c57b20","price":79495.7,"size":16500,"side":"Buy"},{"trade_time":"2026-05-13T18:48:20.447000Z","symbol":"XBTUSD","trade_id":"00000000-006d-1000-0000-003099c0abbc","price":79481.9,"size":12500,"side":"Buy"},{"trade_time":"2026-05-13T18:46:59.227000Z","symbol":"XBTUSD","trade_id":"00000000-006d-1000-0000-003099bb5d39","price":79500.9,"size":16300,"side":"Buy"},{"trade_time":"2026-05-13T18:46:59.227000Z","symbol":"XBTUSD","trade_id":"00000000-006d-1000-0000-003099bb5d3a","price":79500.9,"size":28100,"side":"Buy"},{"trade_time":"2026-05-13T18:46:53.012000Z","symbol":"XBTUSD","trade_id":"00000000-006d-1000-0000-003099bac477","price":79525.5,"size":27700,"side":"Buy"},{"trade_time":"2026-05-13T18:46:46.715000Z","symbol":"XBTUSD","trade_id":"00000000-006d-1000-0000-003099ba4afd","price":79537.7,"size":15000,"side":"Buy"}]}